<?xml version="1.0" encoding="UTF-8"?><collection xmlns="http://www.loc.gov/MARC21/slim"><record><leader>00333nam--2200133-i-4500</leader><controlfield tag="001">000037657</controlfield><controlfield tag="002">20161230</controlfield><controlfield tag="005">20161230201041</controlfield><controlfield tag="008">060222s1000------------r-----000-0-eng-d</controlfield><datafield ind1=" " ind2=" " tag="080"><subfield code="a">681.3</subfield></datafield><datafield ind1=" " ind2=" " tag="100"><subfield code="a">Coculescu, Lucia</subfield></datafield><datafield ind1=" " ind2=" " tag="245"><subfield code="a">Proiectarea sistemelor teleinformatice</subfield></datafield><datafield ind1=" " ind2=" " tag="260"><subfield code="a">Bucuresti, Ed.Militara, 1988. 280 P</subfield></datafield><datafield ind1=" " ind2=" " tag="852"><subfield code="a">74897</subfield></datafield></record></collection>